@online{mtbdd,
	title = {{Part 10 - Implementation of Probabilistic Model Checking}},
	url = {http://www.prismmodelchecker.org/lectures/biss07/10-implementation.pdf},
	urldate = {\today}
}

@online{ctmc,
	title = {{Part 5 - Continuous-time Markov chains}},
	url = {http://www.prismmodelchecker.org/lectures/biss07/05-ctmcs.pdf},
	urldate = {\today}
}

@online{probabilistic,
	title = {{Probabilistic verification and synthesis}},
	url = {http://www.prismmodelchecker.org/courses/kth15/marta-kth15-p3.pdf},
	urldate = {\today}
}

@online{circadian,
	title = {{PRISM - Tutorial - Circadian clock}},
	url = {http://www.prismmodelchecker.org/tutorial/circadian.php},
	urldate = {\today}
}

@online{cyclin,
	title = {{PRISM - Case Studies - Cell Cycle Control in Eukaryotes}},
	url = {http://www.prismmodelchecker.org/casestudies/cyclin.php},
	urldate = {\today}
}

@online{expforgetfulness,
	title = {{The exponential distribution has the memoryless (forgetfulness) property}},
	url = {http://www.math.wm.edu.leemis/chart/UDR/PDFs/ExponentialForgetfulness.pdf},
	urldate = {\today}
}

@online{simvsver,
	title = {{Session 3: simulation vs. Formal Verification}},
	url = {https://embedded.eecs.berkeley.edu/research/vis/ttc/lecDir/html/session3},
	urldate = {\today}
}

@online{geomforgetfulness,
	title = {{The geometric distribution has the memoryless (forgetfulness) property}},
	url = {http://www.math.wm.edu.leemis/chart/UDR/PDFs/GeometricF.pdf},
	urldate = {\today}
}

@online{simulationmarkov,
	title = {{Simulating Markov chains}},
	url = {http://www.columbia.edu.ks20/4703-Sigman/4703-07-Notes-MC.pdf},
	urldate = {\today}
}


%1
@online{biopepa,
	title = {{Bio-PEPA}},
	url = {http://biopepa.org},
	urldate = {\today}
}

%2
@online{brendagamt,
	title = {{BRENDA - Information on EC 2.1.1.2 - guanidinoacetate N-{methyl\-transferase}}},
	url = {http://brenda-enzymes.org/enzyme.php?ecno=2.1.1.2},
	urldate = {\today}
}

%3
@online{brendapgomt,
	title = {{BRENDA - Information on EC 2.1.1.80 - protein-glutamate O-methyltransferase}},
	url = {http://brenda-enzymes.org/enzyme.php?ecno=2.1.1.80},
	urldate = {\today}
}

%4
@online{brendasams,
	title = {{BRENDA - Information on EC 2.5.1.6 - methionine adenosyltransferase}},
	url = {http://brenda-enzymes.org/enzyme.php?ecno=2.5.1.6},
	urldate = {\today}
}

%5
@online{pepa,
	title = {{PEPA}},
	url = {http://www.dcs.ed.ac.uk/pepa},
	urldate = {\today}
}

%6
@inproceedings{kwiatkowska2011prism,
	title={{PRISM 4.0: Verification of probabilistic real-time systems}},
	author={Kwiatkowska, M. and Norman, G. and Parker, D.},
	booktitle={International Conference on Computer Aided Verification},
	pages={585--591},
	year={2011},
	organization={Springer}
}


%7
@online{reward,
	title = {{PRISM Manual | Property Specification / Reward-based Properties}},
	url = {http://www.prismmodelchecker.org/manual/PropertySpecification/Reward-basedProperties},
	urldate = {\today}
}

%8
@online{proteinweight,
	title = {{Protein Molecular Weight Calculator}},
	url = {http://www.sciencegateway.org/tools/proteinmw.htm},
	urldate = {\today}
}

%9
@online{slc6a8,
	title = {{SLC6A8 - Sodium- and chloride-dependent creatine transporter 1 - Homo sapiens (Human) - SLC6A8 gene \& protein}},
	url = {http://www.uniprot.org/uniprot/P48029},
	urldate = {\today}
}

%10
@article{alessandrii2004hplc,
	title={{HPLC assay for guanidinoacetate methyltransferase}},
	author={Alessandr\`i, M. G. and Celati, L. and Battini, R. and Baldinotti, F. and Leuzzi, V. and Cioni, G.},
	journal={Analytical Biochemistry},
	volume={331},
	number={1},
	pages={189--191},
	year={2004},
	publisher={Academic Press}
}

%11
@article{almeida2006overexpression,
	title={{Overexpression of GAMT restores GAMT activity in primary GAMT-deficient fibroblasts}},
	author={Almeida, L. S. and Rosenberg, E. H. and Martinez-Mu.noz, C. and Verhoeven, N. M. and Vilarinho, L. and Jakobs, C. and Salomons, G. S.},
	journal={Molecular Genetics and Metabolism},
	volume={89},
	number={4},
	pages={392--394},
	year={2006},
	publisher={Elsevier}
}

%12
@article{antonelli2011encapsulation,
	title={{Encapsulation of superparamagnetic nanoparticles into red blood cells as new carriers of MRI contrast agents}},
	author={Antonelli, A. and Sfara, C. and Manuali, E. and Bruce, I. J. and Magnani, M.},
	journal={Nanomedicine},
	volume={6},
	number={2},
	pages={211--223},
	year={2011},
	publisher={Future Medicine}
}

%13
@article{araujo2005guanidinoacetate,
	title={{Guanidinoacetate methyltransferase deficiency identified in adults and a child with mental retardation}},
	author={Ara\'ujo, H. C. and Smit, W. and Verhoeven, N. M. and Salomons, G. S. and Silva, S. and Vasconcelos, R. and Tom\'as, H. and Almeida, I. and Jakobs, C. and Duran, M.},
	journal={American Journal of Medical Genetics Part A},
	volume={133},
	number={2},
	pages={122--127},
	year={2005},
	publisher={Wiley Online Library}
}

%14
@book{cornish2013fundamentals,
	title={{Fundamentals of Enzyme Kinetics}},
	author={Cornish-Bowden, A.},
	year={2013},
	publisher={John Wiley \& Sons}
}

%15
@article{baier2003model,
	title={{Model-checking algorithms for continuous-time Markov chains}},
	author={Baier, C. and Haverkort, B. and Hermanns, H. and Katoen, J. P.},
	journal={IEEE Transactions on software engineering},
	volume={29},
	number={6},
	pages={524--541},
	year={2003},
	publisher={IEEE}
}

%16
@article{biagiotti2011drug,
	title={{Drug delivery by red blood cells}},
	author={Biagiotti, S. and Paoletti, M. F. and Fraternale, A. and Rossi, L. and Magnani, M.},
	journal={IUBMB Life},
	volume={63},
	number={8},
	pages={621--631},
	year={2011},
	publisher={Wiley Online Library}
}

%17
@article{ciocchetta2009bio,
	title={{Bio-PEPA: A framework for the modelling and analysis of biological systems}},
	author={Ciocchetta, F. and Hillston, J.},
	journal={Theoretical Computer Science},
	volume={410},
	number={33-34},
	pages={3065--3084},
	year={2009},
	publisher={Elsevier}
}

%18
@article{das2000upregulation,
	title={{Upregulation of respiratory chain enzymes in guanidinoacetate methyltransferase deficiency}},
	author={Das, A. M. and Ullrich, K. and Isbrandt, D.},
	journal={Journal of Inherited Metabolic Disease},
	volume={23},
	number={4},
	pages={375--377},
	year={2000},
	publisher={Springer}
}

%19
@article{engelke2009guanidinoacetate,
	title={{Guanidinoacetate methyltransferase (GAMT) deficiency diagnosed by proton NMR spectroscopy of body fluids}},
	author={Engelke, U. F. H. and Tassini, M. and Hayek, J. and de Vries, M. and Bilos, A. and Vivi, A. and Valensin, G. and Buoni, S. and Zannolli, R. and Brussel, W. and Kremer, B. and Salomons, G. S. and Veendrick-Meekes, M. J. B. M. and Kluijtmans, L. A. J. and Morava, E. and Wevers, R. A.},
	journal={NMR in Biomedicine},
	volume={22},
	number={5},
	pages={538--544},
	year={2009},
	publisher={Wiley Online Library}
}

%20 e 21
@article{ensenauer2004guanidinoacetate,
	title={{Guanidinoacetate methyltransferase deficiency: differences of creatine uptake in human brain and muscle}},
	author={Ensenauer, R. and Thiel, T. and Schwab, K. O. and Tacke, U. and St\"ockler-Ipsiroglu, S. and Schulze, A. and Hennig, J. and Lehnert, W.},
	journal={Molecular Genetics and Metabolism},
	volume={82},
	number={3},
	pages={208--213},
	year={2004},
	publisher={Elsevier}
}

%22
@article{ganesan1997guanidinoacetate,
	title={{Guanidinoacetate methyltransferase deficiency: new clinical features}},
	author={Ganesan, V. and Johnson, A. and Connelly, A. and Eckhardt, S. and Surtees, R. A. H.},
	journal={Pediatric Neurology},
	volume={17},
	number={2},
	pages={155--157},
	year={1997},
	publisher={Elsevier}
}

%23
@article{gordon2010guanidinoacetate,
	title={{Guanidinoacetate methyltransferase deficiency (GAMT)}},
	author={Gordon, N.},
	journal={Brain and Development},
	volume={32},
	number={2},
	pages={79--81},
	year={2010},
	publisher={Elsevier}
}

%24
@article{hamarat2000encapsulation,
	title={{Encapsulation of Urease and PEG-Urease in erythrocyte}},
	author={Hamarat Baysal, S. L. and Uslan, A. H.},
	journal={Artificial Cells, B.lood Substitutes, and Biotechnology},
	volume={28},
	number={3},
	pages={263--271},
	year={2000},
	publisher={Taylor \& Francis}
}

%25
@article{ilas2000guanidinoacetate,
	title={{Guanidinoacetate methyltransferase (GAMT) deficiency: non-invasive enzymatic diagnosis of a newly recognized inborn error of metabolism}},
	author={Ilas, J. and M\"uhl, A. and St\"ockler-Ipsiroglu, S.},
	journal={Clinica Chimica Acta},
	volume={290},
	number={2},
	pages={179--188},
	year={2000},
	publisher={Elsevier}
}

%26
@article{kikuchi1981liquid,
	title={{Liquid-chromatographic determination of guanidino compounds in plasma and erythrocyte of normal persons and uremic patients.}},
	author={Kikuchi, T. and Orita, Y. and Ando, A. and Mikami, H. and Fujii, M. and Okada, A. and Abe, H.},
	journal={Clinical Chemistry},
	volume={27},
	number={11},
	pages={1899--1902},
	year={1981},
	publisher={Clinical Chemistry}
}

%27
@article{ku1980creatine,
	title={{Creatine and creatinine transport in old and young human red blood cells}},
	author={Ku, C. P. and Passow, H.},
	journal={Biochimica et Biophysica Acta (BBA)-Biomembranes},
	volume={600},
	number={1},
	pages={212--227},
	year={1980},
	publisher={Elsevier}
}

%28
@article{magnani1996synthesis,
	title={{Synthesis and targeted delivery of an azidothymidine homodinucleotide conferring protection to macrophages against retroviral infection}},
	author={Magnani, M. and Casabianca, A. and Fraternale, A. and Brandi, G. and Gessani, S. and Williams, R. and Giovine, M. and Damonte, G. and De Flora, A. and Benatti, U.},
	journal={Proceedings of the National Academy of Sciences},
	volume={93},
	number={9},
	pages={4403--4408},
	year={1996},
	publisher={National Acad Sciences}
}

%29
@article{magnani2012erythrocytes,
	title={{Erythrocytes as a novel delivery vehicle for biologics: from enzymes to nucleic acid-based therapeutics}},
	author={Magnani, M. and Pierig\`e, F. and Rossi, L.},
	journal={Therapeutic Delivery},
	volume={3},
	number={3},
	pages={405--414},
	year={2012},
	publisher={Future Science}
}

%30
@article{magnani1992targeting,
	title={{Targeting antiretroviral nucleoside analogues in phosphorylated form to macrophages: in vitro and in vivo studies}},
	author={Magnani, M. and Rossi, L. and Brandi, G. and Schiavano, G. F. and Montroni, M. and Piedimonte, G.},
	journal={Proceedings of the National Academy of Sciences},
	volume={89},
	number={14},
	pages={6477--6481},
	year={1992},
	publisher={National Acad Sciences}
}

%31
@article{magnani1998erythrocyte,
	title={{Erythrocyte engineering for drug delivery and targeting}},
	author={Magnani, M. and Rossi, L. and D'ascenzo, M. and Panzani, I. and Bigi, L. and Zanella, A.},
	journal={Biotechnology and Applied Biochemistry},
	volume={28},
	number={1},
	pages={1--6},
	year={1998},
	publisher={Wiley Online Library}
}

%32
@article{mikati2013epileptic,
	title={{Epileptic and electroencephalographic manifestations of {guanidino\-acetate-methyl\-transferase} deficiency}},
	author={Mikati, A. G. and Gheida, I. A. and Shamseddine, A. and Mikati, M. A. and Karam, P. E.},
	journal={Epileptic Disorders},
	volume={15},
	number={4},
	pages={407--416},
	year={2013},
	publisher={Springer}
}

%33
@article{mischoulon2012bioavailability,
	title={{Bioavailability of S-Adenosyl Methionine and Impact on Response in a Randomized Controlled Trial in Major Depressive Disorder}},
	author={Mischoulon, D. and Alpert, J. E. and Arning, E. and Bottiglieri, T. and Fava, M. and Papakostas, G. I.},
	journal={The Journal of Clinical Psychiatry},
	volume={73},
	number={6},
	pages={843},
	year={2012},
	publisher={NIH Public Access}
}

%34
@article{mori1987biochemistry,
	title={{Biochemistry and neurotoxicology of guanidino compounds}},
	author={Mori, A.},
	journal={Integrative Physiological and Behavioral Science},
	volume={22},
	number={3},
	pages={85--94},
	year={1987},
	publisher={Springer}
}

%35
@article{oden1983s,
	title={{S-adenosyl-L-methionine synthetase from human erythrocytes: role in the regulation of cellular S-adenosylmethionine levels}},
	author={Oden, K. L. and Clarke, S.},
	journal={Biochemistry},
	volume={22},
	number={12},
	pages={2978--2986},
	year={1983},
	publisher={ACS Publications}
}

%36
@article{o2009guanidinoacetate,
	title={{Guanidinoacetate methyltransferase (GAMT) deficiency: late onset of movement disorder and preserved expressive language}},
	author={O'Rourke, D. J. and Ryan, S. and Salomons, G. and Jakobs, C. and Monavari, A. and King, M. D.},
	journal={Developmental Medicine \& Child Neurology},
	volume={51},
	number={5},
	pages={404--407},
	year={2009},
	publisher={Wiley Online Library}
}

%37
@article{pezzoli1978uptake,
	title={{Uptake and metabolism of S-adenosyl-L-methionine by isolated rat hepatocytes}},
	author={Pezzoli, C. and Stramentinoli, G. and Galli-Kienle, M. and Pfaff, E.},
	journal={Biochemical and Biophysical Research Communications},
	volume={85},
	number={3},
	pages={1031--1038},
	year={1978},
	publisher={Elsevier}
}

%38
@article{renema2003mr,
	title={{MR spectroscopy of muscle and brain in guanidinoacetate methyltransferase (GAMT)-deficient mice: Validation of an animal model to study creatine deficiency}},
	author={Renema, W. and Schmidt, A. and van Asten, J. J. A. and Oerlemans, F. and Ullrich, K. and Wieringa, B. and Isbrandt, D. and Heerschap, A.},
	journal={Magnetic Resonance in Medicine},
	volume={50},
	number={5},
	pages={936--943},
	year={2003},
	publisher={Wiley Online Library}
}

%39
@article{rossi1999heterodimer,
	title={{Heterodimer-loaded erythrocytes as bioreactors for slow delivery of the antiviral drug azidothymidine and the antimycobacterial drug ethambutol}},
	author={Rossi, L. and Brandi, G. and Schiavano, G. F and Scarfi, S. and Millo, E. and Damonte, G. and Benatti, U. and De Flora, A. and Magnani, M.},
	journal={AIDS Research and Human Retroviruses},
	volume={15},
	number={4},
	pages={345--353},
	year={1999},
	publisher={Mary Ann Liebert, I.nc.}
}

%40
@article{rossi2001erythrocyte,
	title={{Erythrocyte-mediated delivery of dexamethasone in patients with chronic obstructive pulmonary disease}},
	author={Rossi, L. and Serafini, S. and Cenerini, L. and Picardi, F. and Bigi, L. and Panzani, I. and Magnani, M.},
	journal={Biotechnology and Applied Biochemistry},
	volume={33},
	number={2},
	pages={85--89},
	year={2001},
	publisher={Wiley Online Library}
}

%41
@article{rossi2005erythrocyte,
	title={{Erythrocyte-based drug delivery}},
	author={Rossi, L. and Serafini, S. and Pierig\'e, F. and Antonelli, A. and Cerasi, A. and Fraternale, A. and Chiarantini, L. and Magnani, M.},
	journal={Expert Opinion on Drug Delivery},
	volume={2},
	number={2},
	pages={311--322},
	year={2005},
	publisher={Taylor \& Francis}
}

%42
@article{sanft2011stochkit2,
	title={{StochKit2: software for discrete stochastic simulation of biochemical systems with events}},
	author={Sanft, K. R. and Wu, S. and Roh, M. and Fu, J. and Lim, R. K. and Petzold, L. R.},
	journal={Bioinformatics},
	volume={27},
	number={17},
	pages={2457--2458},
	year={2011},
	publisher={Oxford University Press}
}

%43
@article{schmidt2004severely,
	title={{Severely altered guanidino compound levels, disturbed body weight homeostasis and impaired fertility in a mouse model of guanidinoacetate N-methyltransferase (GAMT) deficiency}},
	author={Schmidt, A. and Marescau, B. and Boehm, E. A and Renema, W. K. J. and Peco, R. and Das, A. and Steinfeld, R. and Chan, S. and Wallis, J. and Davidoff, M. and Waldsch\"utz, R. and Heerschap, A. and De Deyn, P. P. and Neubauer, S. and Isbrandt, D.},
	journal={Human Molecular Genetics},
	volume={13},
	number={9},
	pages={905--921},
	year={2004},
	publisher={Oxford University Press}
}

%44
@article{schulze1996sakaguchi,
	title={{Sakaguchi reaction: A useful method for screening guanidinoacetate-methyltransferase deficiency}},
	author={Schulze, A. and Mayatepek, E. and Rating, D. and Bremer, H. J.},
	journal={Journal of Inherited Metabolic Disease},
	volume={19},
	number={5},
	pages={706--706},
	year={1996},
	publisher={Springer}
}

%45
@article{schulze2001improving,
	title={{Improving treatment of guanidinoacetate methyltransferase deficiency: reduction of guanidinoacetic acid in body fluids by arginine restriction and ornithine supplementation}},
	author={Schulze, A. and Ebinger, F. and Rating, D. and Mayatepek, E.},
	journal={Molecular Genetics and Metabolism},
	volume={74},
	number={4},
	pages={413--419},
	year={2001},
	publisher={Elsevier}
}

%46
@article{stockler2014guanidinoacetate,
	title={{Guanidinoacetate methyltransferase (GAMT) deficiency: outcomes in 48 individuals and recommendations for diagnosis, treatment and monitoring}},
	author={Stockler-Ipsiroglu, S. and van Karnebeek, C. and Longo, N. and Korenke, G. C. and Mercimek-Mahmutoglu, S. and Marquart, I. and Barshop, B. and Grolik, C. and Schlune, A. and Angle, B. and  Ara\'ujo, H. C. and Coskun, T. and Diogo, L. and Geraghty, M. and Haliloglu, G. and Konstantopoulou, V. and Leuzzi, V. and Levtova, A. and MacKenzie, J. and Maranda, B. and Mhanni, A. A. and Mitchell, G. and Morris, A. and Newlove, T. and Renaud, D. and Scaglia, F. and Valayannopoulos, V. and van Spronsen, F. J. and Verbruggen, K. T. and Yuskiv, N. and Nyhan, W. and Schulze, A.},
	journal={Molecular Genetics and Metabolism},
	volume={111},
	number={1},
	pages={16--25},
	year={2014},
	publisher={Elsevier}
}

%47
@article{stramentinoli1978uptake,
	title={{Uptake of S-adenosyl-L-methionine by rabbit erythrocytes}},
	author={Stramentinoli, G. and Pezzoli, C. and Kienle, M. G.},
	journal={Biochemical Pharmacology},
	volume={27},
	number={10},
	pages={1427--1430},
	year={1978},
	publisher={Elsevier}
}

%48
@article{tachikawa2008expression,
	title={{Expression and possible role of creatine transporter in the brain and at the blood-cerebrospinal fluid barrier as a transporting protein of guanidinoacetate, an endogenous convulsant}},
	author={Tachikawa, M. and Fujinawa, J. and Takahashi, M. and Kasai, Y. and Fukaya, M. and Sakai, K. and Yamazaki, M. and Tomi, M. and Watanabe, M. and Sakimura, K. and Terasaki, T. and Hosoya, K.},
	journal={Journal of Neurochemistry},
	volume={107},
	number={3},
	pages={768--778},
	year={2008},
	publisher={Wiley Online Library}
}

%49
@article{tachikawa2011transport,
	title={{Transport characteristics of guanidino compounds at the blood-brain barrier and blood-cerebrospinal fluid barrier: relevance to neural disorders}},
	author={Tachikawa, M. and Hosoya, K.},
	journal={Fluids and Barriers of the CNS},
	volume={8},
	number={1},
	pages={13},
	year={2011},
	publisher={BioMed Central}
}

%50
@article{tarnopolsky2003acute,
	title={{Acute and moderate-term creatine monohydrate supplementation does not affect creatine transporter mRNA or protein content in either young or elderly humans}},
	author={Tarnopolsky, M. and Parise, G. and Fu, M. and Brose, A. and Prasad, A. and Speer, O. and Wallimann, T.},
	journal={Molecular and Cellular Biochemistry},
	volume={244},
	number={1-2},
	pages={159--166},
	year={2003},
	publisher={Springer}
}

%51
@article{vodopiutz2007severe,
	title={{Severe speech delay as the presenting symptom of guanidinoacetate methyltransferase deficiency}},
	author={Vodopiutz, J. and Item, C. B. and H\"ausler, M. and Korall, H. and Bodamer, O. A.},
	journal={Journal of Child Neurology},
	volume={22},
	number={6},
	pages={773--774},
	year={2007},
	publisher={Sage Publications Sage CA: Los Angeles, C. A.}
}

@article{clarke1996formal,
	title={{Formal methods: State of the art and future directions}},
	author={Clarke, E. M. and Wing, J. M.},
	journal={ACM Computing Surveys (CSUR)},
	volume={28},
	number={4},
	pages={626--643},
	year={1996},
	publisher={ACM}
}

@incollection{mcmillan1993symbolic,
	title={{Symbolic model checking}},
	author={McMillan, K. L.},
	booktitle={Symbolic Model Checking},
	pages={25--60},
	year={1993},
	publisher={Springer}
}

@article{elseaidy1997modeling,
	title={{Modeling and verifying active structural control systems}},
	author={Elseaidy, W. M. and Cleaveland, R. and Baugh, J. W.},
	journal={Science of Computer Programming},
	volume={29},
	number={1-2},
	pages={99--122},
	year={1997},
	publisher={Elsevier}
}

@inproceedings{kurshan1994complexity,
	title={{The complexity of verification}},
	author={Kurshan, R. P.},
	booktitle={Proceedings of the Twenty-sixth Annual ACM Symposium on Theory of Computing},
	pages={365--371},
	year={1994},
	organization={ACM}
}

@inproceedings{peled1994combining,
	title={{Combining partial order reductions with on-the-fly model-checking}},
	author={Peled, D.},
	booktitle={Computer Aided Verification},
	pages={377--390},
	year={1994},
	organization={Springer}
}

@inproceedings{vardi1986automata,
	title={{An automata-theoretic approach to automatic program verification}},
	author={Vardi, M. Y. and Wolper, P.},
	booktitle={Proceedings of the First Symposium on Logic in Computer Science},
	pages={322--331},
	year={1986},
	organization={IEEE Computer Society}
}

@article{cleaveland1993concurrency,
	title={{The Concurrency Workbench: A semantics-based tool for the verification of concurrent systems}},
	author={Cleaveland, R. and Parrow, J. and Steffen, B.},
	journal={ACM Transactions on Programming Languages and Systems (TOPLAS)},
	volume={15},
	number={1},
	pages={36--72},
	year={1993},
	publisher={ACM}
}

@article{har1990software,
	title={{Software for analytical development of communications protocols}},
	author={Har'El, Z. and Kurshan, R. P.},
	journal={Bell Labs Technical Journal},
	volume={69},
	number={1},
	pages={45--59},
	year={1990},
	publisher={Wiley Online Library}
}

@article{aldini2007mixing,
	title={{Mixing logics and rewards for the component-oriented specification of performance measures}},
	author={Aldini, A. and Bernardo, M.},
	journal={Theoretical Computer Science},
	volume={382},
	number={1},
	pages={3--23},
	year={2007},
	publisher={Elsevier}
}

@article{bernardo2008survey,
	title={{A survey of modal logics characterising behavioural equivalences for non-deterministic and stochastic systems}},
	author={Bernardo, M. and Botta, S.},
	journal={Mathematical Structures in Computer Science},
	volume={18},
	number={1},
	pages={29--55},
	year={2008},
	publisher={Cambridge University Press}
}

@article{ciocchetta2010modelling,
	title={{Modelling and analysis of the NF-{$\kappa$}B pathway in Bio-PEPA}},
	author={Ciocchetta, F. and Degasperi, A. and Heath, J. and Hillston, J.},
	journal={Transactions on Computational Systems Biology XII},
	pages={229--262},
	year={2010},
	publisher={Springer}
}

@inproceedings{akman2009modelling,
	title={{Modelling biological clocks with Bio-PEPA: stochasticity and robustness for the Neurospora Crassa circadian network}},
	author={Akman, O. and Ciocchetta, F. and Degasperi, A. and Guerriero, M.},
	booktitle={Computational Methods in Systems Biology},
	pages={52--67},
	year={2009},
	organization={Springer}
}

@article{guerriero2009qualitative,
	title={{Qualitative and quantitative analysis of a Bio-PEPA model of the gp130/jak/stat signalling pathway}},
	author={Guerriero, M.},
	journal={Transactions on Computational Systems Biology XI},
	pages={90--115},
	year={2009},
	publisher={Springer}
}

@article{ciocchetta2009compartmental,
	title={{A compartmental model of the cAMP/PKA/MAPK pathway in Bio-PEPA}},
	author={Ciocchetta, F. and Duguid, A. and Guerriero, M. L.},
	journal={arXiv preprint arXiv:0911.4984},
	year={2009}
}

@article{ciocchetta2010bio,
	title={{Bio-PEPA for epidemiological models}},
	author={Ciocchetta, F. and Hillston, J.},
	journal={Electronic Notes in Theoretical Computer Science},
	volume={261},
	pages={43--69},
	year={2010},
	publisher={Elsevier}
}

@article{akman2010complementary,
	title={{Complementary approaches to understanding the plant circadian clock}},
	author={Akman, O. E. and Guerriero, M. L. and Loewe, L. and Troein, C.},
	journal={arXiv preprint arXiv:1002.4661},
	year={2010}
}

@article{bundschuh2003fluctuations,
	title={{Fluctuations and slow variables in genetic networks}},
	author={Bundschuh, R. and Hayot, F. and Jayaprakash, C.},
	journal={Biophysical Journal},
	volume={84},
	number={3},
	pages={1606--1615},
	year={2003},
	publisher={Elsevier}
}

@article{kwiatkowska2004probabilistic,
	title={{Probabilistic symbolic model checking with PRISM: A hybrid approach}},
	author={Kwiatkowska, M. and Norman, G. and Parker, D.},
	journal={International Journal on Software Tools for Technology Transfer (STTT)},
	volume={6},
	number={2},
	pages={128--142},
	year={2004},
	publisher={Springer}
}

@incollection{kwiatkowska2018probabilistic,
	title={{Probabilistic Model Checking: Advances and Applications}},
	author={Kwiatkowska, M. and Norman, G. and Parker, D.},
	booktitle={Formal System Verification},
	pages={73--121},
	year={2018},
	publisher={Springer}
}

@inproceedings{dannenberg2013dna,
	title={{DNA walker circuits: Computational potential, design, and verification}},
	author={Dannenberg, F. and Kwiatkowska, M. and Thachuk, C. and Turberfield, A. J.},
	booktitle={International Workshop on DNA-Based Computers},
	pages={31--45},
	year={2013},
	organization={Springer}
}

@article{heath2008probabilistic,
	title={{Probabilistic model checking of complex biological pathways}},
	author={Heath, J. and Kwiatkowska, M. and Norman, G. and Parker, D. and Tymchyshyn, O.},
	journal={Theoretical Computer Science},
	volume={391},
	number={3},
	pages={239--257},
	year={2008},
	publisher={Elsevier}
}

@article{dobay2011many,
	title={{How many trimers? Modeling influenza virus fusion yields a minimum aggregate size of six trimers, three of which are fusogenic}},
	author={Dobay, M. P. and Dobay, A. and Bantang, J. and Mendoza, E.},
	journal={Molecular BioSystems},
	volume={7},
	number={10},
	pages={2741--2749},
	year={2011},
	publisher={Royal Society of Chemistry}
}

@article{bovsnacki2009silico,
	title={{In silico modelling and analysis of ribosome kinetics and aa-tRNA competition}},
	author={Bo{\v{s}}nacki, D. and Pronk, T. E. and de Vink, E. P.},
	journal={Transactions on Computational Systems Biology},
	pages={69--89},
	year={2009},
	publisher={Springer}
}

@article{owens2008modelling,
	title={{Modelling the tunability of early t cell signalling events}},
	author={Owens, N. D. L. and Timmis, J. and Greensted, A. and Tyrrell, A.},
	journal={Lecture Notes in Computer Science},
	volume={5132},
	pages={12--23},
	year={2008},
	publisher={Springer}
}

@inproceedings{chen2012quantitative,
	title={{Quantitative verification of implantable cardiac pacemakers}},
	author={Chen, T. and Diciolla, M. and Kwiatkowska, M. and Mereacre, A.},
	booktitle={Real-Time Systems Symposium (RTSS), 2012 IEEE 33rd},
	pages={263--272},
	year={2012},
	organization={IEEE}
}

@inproceedings{emerson1988complexity,
	title={{The complexity of tree automata and logics of programs}},
	author={Emerson, E. A. and Jutla, C. S.},
	booktitle={Foundations of Computer Science, 1988., 29th Annual Symposium on},
	pages={328--337},
	year={1988},
	organization={IEEE}
}

@article{visser2000practical,
	title={{Practical CTL* model checking: Should SPIN be extended?}},
	author={Visser, W. and Barringer, H.},
	journal={International Journal on Software Tools for Technology Transfer},
	volume={2},
	number={4},
	pages={350--365},
	year={2000},
	publisher={Springer}
}

@article{hansson1994logic,
	title={{A logic for reasoning about time and reliability}},
	author={Hansson, H. and Jonsson, B.},
	journal={Formal Aspects of Computing},
	volume={6},
	number={5},
	pages={512--535},
	year={1994},
	publisher={Springer}
}

@inproceedings{baier2000logical,
	title={{On the logical characterisation of performability properties}},
	author={Baier, C. and Haverkort, B. and Hermanns, H. and Katoen, J. P.},
	booktitle={ICALP},
	volume={1853},
	pages={780--792},
	year={2000},
	organization={Springer}
}

@phdthesis{parker2003implementation,
	title={{Implementation of symbolic model checking for probabilistic systems}},
	author={Parker, D. A.},
	year={2003},
	school={University of Birmingham}
}

@article{bryant1986graph,
	title={{Graph-based algorithms for boolean function manipulation}},
	author={Bryant, R. E.},
	journal={Computers, I. E. E. E. Transactions on},
	volume={100},
	number={8},
	pages={677--691},
	year={1986},
	publisher={IEEE}
}

@article{kim1974s,
	title={{S-adenosylmethionine: protein-carboxyl methyltransferase from erythrocyte}},
	author={Kim, S.},
	journal={Archives of Biochemistry and Biophysics},
	volume={161},
	number={2},
	pages={652--657},
	year={1974},
	publisher={Elsevier}
}

@article{gillespie1977exact,
	title={{Exact stochastic simulation of coupled chemical reactions}},
	author={Gillespie, D. T.},
	journal={The Journal of Physical Chemistry},
	volume={81},
	number={25},
	pages={2340--2361},
	year={1977},
	publisher={ACS Publications}
}

@article{king1956schematic,
	title={{A schematic method of deriving the rate laws for enzyme-catalyzed reactions}},
	author={King, E. L. and Altman, C.},
	journal={The Journal of Physical Chemistry},
	volume={60},
	number={10},
	pages={1375--1378},
	year={1956},
	publisher={ACS Publications}
}

@article{carducci2006quantitative,
	title={{Quantitative determination of guanidinoacetate and creatine in dried blood spot by flow injection analysis-electrospray tandem mass spectrometry}},
	author={Carducci, C. and Santagata, S. and Leuzzi, V. and Carducci, C. and Artiola, C. and Giovanniello, T. and Battini, R. and Antonozzi, I.},
	journal={Clinica Chimica Acta},
	volume={364},
	number={1},
	pages={180--187},
	year={2006},
	publisher={Elsevier}
}


@article{usry1975morphology,
	title={{Morphology of stored, rejuvenated human erythrocytes}},
	author={Usry, R. T. and Moore, G. L. and Manalo, F. W.},
	journal={Vox Sanguinis},
	volume={28},
	number={3},
	pages={176--183},
	year={1975},
	publisher={Wiley Online Library}
}
